
@inproceedings{haas_bringing_2017,
	address = {New York, NY, USA},
	series = {{PLDI} 2017},
	title = {Bringing the web up to speed with {WebAssembly}},
	isbn = {978-1-4503-4988-8},
	url = {https://doi.org/10.1145/3062341.3062363},
	doi = {10.1145/3062341.3062363},
	urldate = {2021-10-06},
	booktitle = {Proceedings of the 38th {ACM} {SIGPLAN} {Conference} on {Programming} {Language} {Design} and {Implementation}},
	publisher = {Association for Computing Machinery},
	author = {Haas, Andreas and Rossberg, Andreas and Schuff, Derek L. and Titzer, Ben L. and Holman, Michael and Gohman, Dan and Wagner, Luke and Zakai, Alon and Bastien, JF},
	month = jun,
	year = {2017},
	keywords = {assembly languages, just-in-time compilers, programming languages, type systems, virtual machines},
	pages = {185--200},
}

@inproceedings{jangda_not_2019,
	title = {Not {So} {Fast}: {Analyzing} the {Performance} of {WebAssembly} vs. {Native} {Code}},
	isbn = {978-1-939133-03-8},
	shorttitle = {Not {So} {Fast}},
	url = {https://www.usenix.org/conference/atc19/presentation/jangda},
	language = {en},
	urldate = {2021-10-06},
	author = {Jangda, Abhinav and Powers, Bobby and Berger, Emery D. and Guha, Arjun},
	year = {2019},
	pages = {107--120},
}

@article{watt_weakening_2019,
	title = {Weakening {WebAssembly}},
	volume = {3},
	url = {https://doi.org/10.1145/3360559},
	doi = {10.1145/3360559},
	number = {OOPSLA},
	urldate = {2021-10-06},
	journal = {Proceedings of the ACM on Programming Languages},
	author = {Watt, Conrad and Rossberg, Andreas and Pichon-Pharabod, Jean},
	month = oct,
	year = {2019},
	keywords = {assembly languages, just-in-time compilers, programming languages, type systems, Virtual machines},
	pages = {133:1--133:28},
}

@inproceedings{zakai_emscripten_2011,
	address = {New York, NY, USA},
	series = {{OOPSLA} '11},
	title = {Emscripten: an {LLVM}-to-{JavaScript} compiler},
	isbn = {978-1-4503-0942-4},
	shorttitle = {Emscripten},
	url = {https://doi.org/10.1145/2048147.2048224},
	doi = {10.1145/2048147.2048224},
	urldate = {2021-10-19},
	booktitle = {Proceedings of the {ACM} international conference companion on {Object} oriented programming systems languages and applications companion},
	publisher = {Association for Computing Machinery},
	author = {Zakai, Alon},
	month = oct,
	year = {2011},
	keywords = {decompiler, javascript, llvm},
	pages = {301--312},
}

@inproceedings{fabri_cgal_2009,
	address = {New York, NY, USA},
	series = {{GIS} '09},
	title = {{CGAL}: the {Computational} {Geometry} {Algorithms} {Library}},
	isbn = {978-1-60558-649-6},
	shorttitle = {{CGAL}},
	url = {https://doi.org/10.1145/1653771.1653865},
	doi = {10.1145/1653771.1653865},
	urldate = {2021-10-19},
	booktitle = {Proceedings of the 17th {ACM} {SIGSPATIAL} {International} {Conference} on {Advances} in {Geographic} {Information} {Systems}},
	publisher = {Association for Computing Machinery},
	author = {Fabri, Andreas and Pion, Sylvain},
	month = nov,
	year = {2009},
	keywords = {C++, exact geometric computing, generic programming, geometric data structures and algorithms, open source},
	pages = {538--539},
}

@article{fabri_design_2000,
	title = {On the design of {CGAL} a computational geometry algorithms library},
	volume = {30},
	issn = {1097-024X},
	url = {https://onlinelibrary.wiley.com/doi/abs/10.1002/1097-024X%28200009%2930%3A11%3C1167%3A%3AAID-SPE337%3E3.0.CO%3B2-B},
	doi = {10.1002/1097-024X(200009)30:11<1167::AID-SPE337>3.0.CO;2-B},
	language = {en},
	number = {11},
	urldate = {2021-10-19},
	journal = {Software: Practice and Experience},
	author = {Fabri, Andreas and Giezeman, Geert-Jan and Kettner, Lutz and Schirra, Stefan and Schönherr, Sven},
	year = {2000},
	note = {\_eprint: https://onlinelibrary.wiley.com/doi/pdf/10.1002/1097-024X\%28200009\%2930\%3A11\%3C1167\%3A\%3AAID-SPE337\%3E3.0.CO\%3B2-B},
	keywords = {C++, generic programming, computational geometry, software library},
	pages = {1167--1202},
}

@inproceedings{sandhu_sparse_2018,
	address = {New York, NY, USA},
	series = {{ManLang} '18},
	title = {Sparse matrices on the web: {Characterizing} the performance and optimal format selection of sparse matrix-vector multiplication in {JavaScript} and {WebAssembly}},
	isbn = {978-1-4503-6424-9},
	shorttitle = {Sparse matrices on the web},
	url = {https://doi.org/10.1145/3237009.3237020},
	doi = {10.1145/3237009.3237020},
	urldate = {2021-10-19},
	booktitle = {Proceedings of the 15th {International} {Conference} on {Managed} {Languages} \& {Runtimes}},
	publisher = {Association for Computing Machinery},
	author = {Sandhu, Prabhjot and Herrera, David and Hendren, Laurie},
	month = sep,
	year = {2018},
	keywords = {javascript, C, managed languages for browsers, scientific computing, sparse matrix-vector multiplication, SpMV, webassembly, something about wasm performance},
	pages = {1--13},
}

@incollection{warmerdam_geospatial_2008,
	address = {Berlin, Heidelberg},
	series = {Advances in {Geographic} {Information} {Science}},
	title = {The {Geospatial} {Data} {Abstraction} {Library}},
	isbn = {978-3-540-74831-1},
	url = {https://doi.org/10.1007/978-3-540-74831-1_5},
	language = {en},
	urldate = {2021-10-19},
	booktitle = {Open {Source} {Approaches} in {Spatial} {Data} {Handling}},
	publisher = {Springer},
	author = {Warmerdam, Frank},
	editor = {Hall, G. Brent and Leahy, Michael G.},
	year = {2008},
	doi = {10.1007/978-3-540-74831-1_5},
	keywords = {Application Programming Interface, Colour Table, Geographic Information System, Open Geospatial Consortium, Open Source Library},
	pages = {87--104},
}

@article{beilschmidt_vat_2017,
	title = {{VAT}: {A} {Scientific} {Toolbox} for {Interactive} {Geodata} {Exploration}},
	volume = {17},
	issn = {1610-1995},
	shorttitle = {{VAT}},
	url = {https://doi.org/10.1007/s13222-017-0266-5},
	doi = {10.1007/s13222-017-0266-5},
	language = {en},
	number = {3},
	urldate = {2021-10-20},
	journal = {Datenbank-Spektrum},
	author = {Beilschmidt, Christian and Drönner, Johannes and Mattig, Michael and Schmidt, Marco and Authmann, Christian and Niamir, Aidin and Hickler, Thomas and Seeger, Bernhard},
	month = nov,
	year = {2017},
	pages = {233--243},
}

@phdthesis{hamilton_client-side_2014,
	type = {Thesis},
	title = {Client-side versus {Server}-side {Geoprocessing}: {Benchmarking} the {Performance} of {Web} {Browsers} {Processing} {Geospatial} {Data} {Using} {Common} {GIS} {Operations}},
	shorttitle = {Client-side versus {Server}-side {Geoprocessing}},
	url = {https://minds.wisconsin.edu/handle/1793/74947},
	language = {en\_US},
	urldate = {2021-10-21},
	author = {Hamilton, Erin L.},
	year = {2014},
	note = {Accepted: 2016-06-02T21:00:45Z},
}

@article{zhao_geoprocessing_2012,
	series = {Towards a {Geoprocessing} {Web}},
	title = {The {Geoprocessing} {Web}},
	volume = {47},
	issn = {0098-3004},
	url = {https://www.sciencedirect.com/science/article/pii/S0098300412001446},
	doi = {10.1016/j.cageo.2012.04.021},
	language = {en},
	urldate = {2021-10-21},
	journal = {Computers \& Geosciences},
	author = {Zhao, Peisheng and Foerster, Theodor and Yue, Peng},
	month = oct,
	year = {2012},
	keywords = {Geoprocessing Web, Geospatial Web service, Real-time geospatial information, Semantic web, Volunteered geographic information, Web processing service},
	pages = {3--12},
}

@article{sit_optimized_2019,
	title = {Optimized watershed delineation library for server-side and client-side web applications},
	volume = {4},
	issn = {2363-7501},
	url = {https://doi.org/10.1186/s40965-019-0068-9},
	doi = {10.1186/s40965-019-0068-9},
	language = {en},
	number = {1},
	urldate = {2021-10-21},
	journal = {Open Geospatial Data, Software and Standards},
	author = {Sit, Muhammed and Sermet, Yusuf and Demir, Ibrahim},
	month = aug,
	year = {2019},
	pages = {8},
}

@article{kulawiak_analysis_2019,
	title = {Analysis of server-side and client-side {Web}-{GIS} data processing methods on the example of {JTS} and {JSTS} using open data from {OSM} and geoportal},
	volume = {129},
	issn = {0098-3004},
	url = {https://www.sciencedirect.com/science/article/pii/S009830041830092X},
	doi = {10.1016/j.cageo.2019.04.011},
	language = {en},
	urldate = {2021-10-21},
	journal = {Computers \& Geosciences},
	author = {Kulawiak, Marcin and Dawidowicz, Agnieszka and Pacholczyk, Marek Emanuel},
	month = aug,
	year = {2019},
	keywords = {Architecture, Geoprocessing, JTS, OpenStreetMap, Performance, Web-GIS},
	pages = {26--37},
}

@inproceedings{panidi_hybrid_2015,
	title = {Hybrid {Geoprocessing} {Web} {Services}},
	url = {https://elibrary.ru/item.asp?id=43026224},
	doi = {10.5593/SGEM2015/B21/S8.084},
	language = {en},
	urldate = {2021-10-21},
	author = {Panidi, E. and Kazakov, E. and Kapralov, E. and Terekhov, A.},
	year = {2015},
	keywords = {Client-Side Web Geoprocessing, Hybrid Geoprocessing Web Services, Open Geospatial Consortium Web Processing Service},
	pages = {669--676},
}

@article{zhang_geojmodelbuilder_2017,
	title = {{GeoJModelBuilder}: an open source geoprocessing workflow tool},
	volume = {2},
	issn = {2363-7501},
	shorttitle = {{GeoJModelBuilder}},
	url = {https://doi.org/10.1186/s40965-017-0022-7},
	doi = {10.1186/s40965-017-0022-7},
	number = {1},
	urldate = {2021-11-30},
	journal = {Open Geospatial Data, Software and Standards},
	author = {Zhang, Mingda and Bu, Xiaoqian and Yue, Peng},
	month = apr,
	year = {2017},
	keywords = {Environmental monitoring, Geoprocessing services, Integrated environmental modelling, Open standards, Scientific workflow},
	pages = {8},
}

@misc{google_google_2020,
	title = {Google {Earth}},
	url = {https://earth.google.com/web/},
	publisher = {Google LLC},
	author = {google},
	year = {2020},
}

@misc{w3c_world_2019,
	title = {World {Wide} {Web} {Consortium} ({W3C}) brings a new language to the {Web} as {WebAssembly} becomes a {W3C} {Recommendation}},
	url = {https://www.w3.org/2019/12/pressrelease-wasm-rec.html.en},
	urldate = {2021-11-30},
	author = {w3c},
	year = {2019},
}

@phdthesis{brink_geospatial_2018,
	title = {Geospatial {Data} on the {Web}},
	url = {https://github.com/lvdbrink/thesis/blob/6b17c47f332c678d43ea788c58c5e18dbcd14acc/phdthesis-final.pdf},
	urldate = {2021-11-30},
	author = {Brink, Linda van den},
	month = nov,
	year = {2018},
	note = {original-date: 2018-10-12T08:52:14Z},
}

@inproceedings{mark_d_wilkinson_fair_2016,
	title = {The {FAIR} {Guiding} {Principles} for scientific data management and stewardship.},
	author = {{Mark D Wilkinson} and {Appleton, Myles Axton, Arie Baak, Niklas Blomberg, Jan-Willem Boiten,} and {Luiz Bonino da Silva Santos, Philip E Bourne, et al.}},
	year = {2016},
}

@misc{melch_performance_2019,
	title = {Performance comparison of simplification algorithms for polygons in the context of web applications},
	url = {https://qgit.de/melch/mt-polygon-simplification/raw/commit/9f19a7b3c2fd086d3a387a200a761e20c3d7bacd/build/mt-polygon-simplification-2019.pdf},
	author = {Melch, Alfred},
	year = {2019},
}

@misc{mozilla_asmjs_2013,
	title = {asm.js},
	url = {http://asmjs.org/},
	author = {Mozilla},
	year = {2013},
}

@article{green_usability_1996,
	title = {Usability {Analysis} of {Visual} {Programming} {Environments}: {A} ‘{Cognitive} {Dimensions}’ {Framework}},
	volume = {7},
	issn = {1045-926X},
	shorttitle = {Usability {Analysis} of {Visual} {Programming} {Environments}},
	url = {https://www.sciencedirect.com/science/article/pii/S1045926X96900099},
	doi = {10.1006/jvlc.1996.0009},
	language = {en},
	number = {2},
	urldate = {2021-12-03},
	journal = {Journal of Visual Languages \& Computing},
	author = {Green, T. R. G. and Petre, M.},
	month = jun,
	year = {1996},
	pages = {131--174},
}

@misc{peters_geoflow_2019,
	title = {Geoflow},
	author = {Peters, Ravi},
	year = {2019},
}

@misc{clack_standardizing_2019,
	title = {Standardizing {WASI}: {A} system interface to run {WebAssembly} outside the web – {Mozilla} {Hacks} - the {Web} developer blog},
	shorttitle = {Standardizing {WASI}},
	url = {https://hacks.mozilla.org/2019/03/standardizing-wasi-a-webassembly-system-interface},
	language = {en-US},
	urldate = {2021-12-22},
	journal = {Mozilla Hacks – the Web developer blog},
	author = {Clack, Lin},
	month = mar,
	year = {2019},
}

@misc{ogc_web_2015,
	title = {Web {Processing} {Service}},
	url = {https://www.ogc.org/standards/wps},
	urldate = {2021-12-22},
	author = {OGC, Open Geospatial Consortium},
	year = {2015},
}

@misc{noauthor_welcome_nodate,
	title = {Welcome to the {QGIS} project!},
	url = {https://www.qgis.org/en/site/},
	urldate = {2022-01-06},
}

@misc{esri_account_nodate,
	title = {Account {Login} - {ArcGIS} {Online}},
	url = {https://www.arcgis.com/index.html},
	urldate = {2022-01-06},
	author = {Esri},
}
