
% topic-geoweb

@article{knowledge-geoprocessing-workflow-development

}

@Article{geoj-model-builder,
    author={Zhang, Mingda
    and Bu, Xiaoqian
    and Yue, Peng},
    title={GeoJModelBuilder: an open source geoprocessing workflow tool},
    journal={Open Geospatial Data, Software and Standards},
    year={2017},
    month={Apr},
    day={10},
    volume={2},
    number={1},
    pages={8},
    abstract={Scientific workflows have been commonly used in geospatial data analysis and Cyberinfrastructure. They allow distributed geoprocessing algorithms, models, data, and sensors to be chained together to support geospatial data analysis, and environmental monitoring, and integrated environmental modelling.},
    issn={2363-7501},
    doi={10.1186/s40965-017-0022-7},
    url={https://doi.org/10.1186/s40965-017-0022-7}
}







%%%%%%%%%%%%%%%%%%%%%%%%%%%%%%%%%%%%%%%%%%%%%%%%%%%%%%%%%%%%%%%%%%%%%%%%
% Dummy Examples                                                       % 
%%%%%%%%%%%%%%%%%%%%%%%%%%%%%%%%%%%%%%%%%%%%%%%%%%%%%%%%%%%%%%%%%%%%%%%%

@article{einstein,
    author =       "Albert Einstein",
    title =        "{Zur Elektrodynamik bewegter K{\"o}rper}. ({German})
    [{On} the electrodynamics of moving bodies]",
    journal =      "Annalen der Physik",
    volume =       "322",
    number =       "10",
    pages =        "891--921",
    year =         "1905",
    DOI =          "http://dx.doi.org/10.1002/andp.19053221004",
    keywords =     "physics"
}

@book{dirac,
    title={The Principles of Quantum Mechanics},
    author={Paul Adrien Maurice Dirac},
    isbn={9780198520115},
    series={International series of monographs on physics},
    year={1981},
    publisher={Clarendon Press},
    keywords = {physics}
}

@online{knuthwebsite,
    author    = "Donald Knuth",
    title     = "Knuth: Computers and Typesetting",
    url       = "http://www-cs-faculty.stanford.edu/~uno/abcde.html",
    keywords  = "latex,knuth"
}

@inbook{knuth-fa,
    author = "Donald E. Knuth",
    title = "Fundamental Algorithms",
    publisher = "Addison-Wesley",
    year = "1973",
    chapter = "1.2",
    keywords  = "knuth,programming"
}