
@misc{noauthor_grass_2022,
	title = {{GRASS} {GIS} {Repository}},
	url = {https://github.com/OSGeo/grass},
	urldate = {2022-08-11},
	publisher = {Open Source Geospatial Foundation},
	month = aug,
	year = {2022},
	note = {original-date: 2019-05-17T16:13:33Z},
	keywords = {earth-observation, geospatial, geospatial-analysis, gis, grass-gis, hacktoberfest, open-science, osgeo, raster, remote-sensing, science, spatial, timeseries-analysis, vector},
}

@misc{noauthor_gdal_2022,
	title = {{GDAL} - {Geospatial} {Data} {Abstraction} {Library}},
	url = {https://github.com/OSGeo/gdal},
	urldate = {2022-08-11},
	publisher = {Open Source Geospatial Foundation},
	month = aug,
	year = {2022},
	note = {original-date: 2012-10-09T21:39:58Z},
	keywords = {raster, remote-sensing, vector, geospatial-data},
}

@misc{noauthor_proj_2022,
	title = {{PROJ}},
	url = {https://github.com/OSGeo/PROJ},
	urldate = {2022-08-11},
	publisher = {Open Source Geospatial Foundation},
	month = aug,
	year = {2022},
	note = {original-date: 2015-05-22T07:00:08Z},
}

@misc{noauthor_difference_nodate,
	title = {Difference {Between} {Frontend} and {Backend} {MVC} - {Joomlatuts}},
	url = {https://web.archive.org/web/20161230230237/http://joomlatuts.net/joomla-2-5/87-how-backend-model-view-controller-mvc-works-in-joomla/98-difference-between-frontend-and-backend-mvc},
	urldate = {2022-08-12},
}

@misc{wickramarachchi_bff_2021,
	title = {The {BFF} {Pattern} ({Backend} for {Frontend}): {An} {Introduction}},
	shorttitle = {The {BFF} {Pattern} ({Backend} for {Frontend})},
	url = {https://blog.bitsrc.io/bff-pattern-backend-for-frontend-an-introduction-e4fa965128bf},
	language = {en},
	urldate = {2022-08-12},
	journal = {Medium},
	author = {Wickramarachchi, Viduni},
	month = aug,
	year = {2021},
}

@misc{noauthor_jos_nodate,
	title = {Jos {Feenstra} - {Home}},
	url = {https://josfeenstra.nl/},
	urldate = {2022-07-06},
}

@misc{noauthor_jos_nodate-1,
	title = {Jos {Feenstra} - {Home}},
	url = {https://josfeenstra.nl/},
	urldate = {2022-07-06},
}

@misc{noauthor_jos_nodate-2,
	title = {Jos {Feenstra} - {Home}},
	url = {https://josfeenstra.nl/},
	urldate = {2022-07-06},
}

@article{corsini_efficient_2012,
	title = {Efficient and {Flexible} {Sampling} with {Blue} {Noise} {Properties} of {Triangular} {Meshes}},
	volume = {18},
	doi = {10.1109/TVCG.2012.34},
	journal = {IEEE transactions on visualization and computer graphics},
	author = {Corsini, Massimiliano and Cignoni, Paolo and Scopigno, Roberto},
	month = jan,
	year = {2012},
	pages = {914--24},
}

@article{kuhail_characterizing_2021,
	title = {Characterizing {Visual} {Programming} {Approaches} for {End}-{User} {Developers}: {A} {Systematic} {Review}},
	volume = {9},
	issn = {2169-3536},
	shorttitle = {Characterizing {Visual} {Programming} {Approaches} for {End}-{User} {Developers}},
	doi = {10.1109/ACCESS.2021.3051043},
	journal = {IEEE Access},
	author = {Kuhail, Mohammad Amin and Farooq, Shahbano and Hammad, Rawad and Bahja, Mohammed},
	year = {2021},
	note = {Conference Name: IEEE Access},
	keywords = {Computer languages, end-user development, human-computer interaction, Programming profession, Robots, Software, systematic literature review, Systematics, Tools, Visual programming, Visualization},
	pages = {14181--14202},
}

@article{johnston_advances_2004,
	title = {Advances in dataflow programming languages},
	volume = {36},
	issn = {0360-0300},
	url = {https://doi.org/10.1145/1013208.1013209},
	doi = {10.1145/1013208.1013209},
	number = {1},
	urldate = {2022-06-15},
	journal = {ACM Computing Surveys},
	author = {Johnston, Wesley M. and Hanna, J. R. Paul and Millar, Richard J.},
	month = mar,
	year = {2004},
	keywords = {co-ordination languages, component software, data flow visual programming, Dataflow, graphical programming, multithreading, software engineering},
	pages = {1--34},
}

@misc{noauthor_ladder_nodate,
	title = {Ladder {Diagram} ({LD}) {Programming} {\textbar} {Basics} of {Programmable} {Logic} {Controllers} ({PLCs}) {\textbar} {Automation} {Textbook}},
	url = {https://control.com/textbook/programmable-logic-controllers/ladder-diagram-ld-programming/},
	language = {en},
	urldate = {2022-06-09},
}

@incollection{benac_recent_2022,
	title = {Recent {Trends} in {Software} {Development}: {Low}-{Code} {Solutions}},
	isbn = {978-3-030-89911-0},
	shorttitle = {Recent {Trends} in {Software} {Development}},
	author = {Benac, Ryan and Khan Mohd, Tauheed},
	month = jan,
	year = {2022},
	doi = {10.1007/978-3-030-89912-7_41},
	pages = {525--533},
}

@inproceedings{benac_recent_2022-1,
	address = {Cham},
	series = {Lecture {Notes} in {Networks} and {Systems}},
	title = {Recent {Trends} in {Software} {Development}: {Low}-{Code} {Solutions}},
	isbn = {978-3-030-89912-7},
	shorttitle = {Recent {Trends} in {Software} {Development}},
	doi = {10.1007/978-3-030-89912-7_41},
	language = {en},
	booktitle = {Proceedings of the {Future} {Technologies} {Conference} ({FTC}) 2021, {Volume} 3},
	publisher = {Springer International Publishing},
	author = {Benac, Ryan and Mohd, Tauheed Khan},
	editor = {Arai, Kohei},
	year = {2022},
	keywords = {Low-code, Software development},
	pages = {525--533},
}

@book{gamma_design_1994,
	address = {Reading, Mass},
	edition = {1st edition},
	title = {Design {Patterns}: {Elements} of {Reusable} {Object}-{Oriented} {Software}},
	isbn = {978-0-201-63361-0},
	shorttitle = {Design {Patterns}},
	language = {English},
	publisher = {Addison-Wesley Professional},
	author = {Gamma, Erich and Helm, Richard and Johnson, Ralph and Vlissides, John and Booch, Grady},
	month = nov,
	year = {1994},
}

@misc{noauthor_modellab_nodate,
	title = {{ModelLab}: {A} {Cloud}-{Based} {Platform} to {Support} {Advanced} {Geospatial} {Modeling} of {Earth} {Observation} {Data} {\textbar} {NASA} {SBIR} \& {STTR} {Program} {Homepage}},
	url = {https://sbir.nasa.gov/content/modellab-cloud-based-platform-support-advanced-geospatial-modeling-earth-observation-data},
	urldate = {2022-04-29},
}

@misc{noauthor_modellab_2020,
	title = {{ModelLab}: {A} {Cloud}-{Based} {Platform} to {Support} {Advanced} {Geospatial} {Modeling} of {Earth} {Observation} {Data}, {Phase} {II}},
	shorttitle = {{ModelLab}},
	url = {https://catalog.data.gov/dataset/modellab-a-cloud-based-platform-to-support-advanced-geospatial-modeling-of-earth-observati-92523},
	language = {en},
	urldate = {2022-04-29},
	publisher = {Space Technology Mission Directorate},
	month = jan,
	year = {2020},
	note = {Type: dataset},
	keywords = {active, stennis-space-center},
}

@article{arroyo_ohori_azul_2020,
	title = {azul: {A} fast and efficient {3D} city model viewer for {macOS}},
	volume = {24},
	issn = {1467-9671},
	shorttitle = {azul},
	url = {https://onlinelibrary.wiley.com/doi/abs/10.1111/tgis.12673},
	doi = {10.1111/tgis.12673},
	language = {en},
	number = {5},
	urldate = {2022-04-19},
	journal = {Transactions in GIS},
	author = {Arroyo Ohori, Ken},
	year = {2020},
	note = {\_eprint: https://onlinelibrary.wiley.com/doi/pdf/10.1111/tgis.12673},
	pages = {1165--1184},
}

@article{vitalis_cityjson_2020,
	title = {{CITYJSON} + {WEB} = {NINJA}: 3rd {BIM}/{GIS} {Integration} {Workshop} and 15th {3D} {GeoInfo} {Conference} 2020},
	volume = {6},
	issn = {2194-9042},
	shorttitle = {{CITYJSON} + {WEB} = {NINJA}},
	url = {http://www.scopus.com/inward/record.url?scp=85094149197&partnerID=8YFLogxK},
	doi = {10.5194/isprs-annals-VI-4-W1-2020-167-2020},
	number = {4/W1},
	urldate = {2022-04-19},
	journal = {ISPRS Annals of Photogrammetry, Remote Sensing and Spatial Information Sciences},
	author = {Vitalis, S. and Labetski, A. and Boersma, F. and Dahle, F. and Li, X. and Arroyo Ohori, K. and Ledoux, H. and Stoter, J.},
	year = {2020},
	keywords = {3D City Modelling, CityJSON, Versioning, Visualisation, Web application},
	pages = {167--173},
}

@inproceedings{griwodz_alicevision_2021,
	address = {Istanbul, Turkey},
	title = {{AliceVision} {Meshroom}: {An} open-source {3D} reconstruction pipeline},
	shorttitle = {{AliceVision} {Meshroom}},
	url = {https://hal.archives-ouvertes.fr/hal-03351139},
	doi = {10.1145/3458305.3478443},
	urldate = {2022-01-14},
	booktitle = {12th {ACM} {Multimedia} {Systems} {Conference} ({MMSys} 2021)},
	publisher = {ACM: Association for Computing Machinery},
	author = {Griwodz, Carsten and Gasparini, Simone and Calvet, Lilian and Gurdjos, Pierre and Castan, Fabien and Maujean, Benoit and Lanthony, Yann and De Lillo, Gregoire},
	month = sep,
	year = {2021},
	pages = {241--247},
}

@misc{qgis_community_qgis_2022,
	title = {{QGIS} {Homepage}},
	url = {https://www.qgis.org/en/site/},
	urldate = {2022-01-06},
	author = {QGIS Community},
	year = {2022},
}

@misc{esri_arcgis_2022,
	title = {{ArcGIS} {Homepage}},
	url = {https://www.arcgis.com/index.html},
	urldate = {2022-01-06},
	author = {Esri},
	year = {2022},
}

@misc{ogc_web_2015,
	title = {Web {Processing} {Service}},
	url = {https://www.ogc.org/standards/wps},
	urldate = {2021-12-22},
	author = {OGC, Open Geospatial Consortium},
	year = {2015},
}

@misc{clack_standardizing_2019,
	title = {Standardizing {WASI}: {A} system interface to run {WebAssembly} outside the web – {Mozilla} {Hacks} - the {Web} developer blog},
	shorttitle = {Standardizing {WASI}},
	url = {https://hacks.mozilla.org/2019/03/standardizing-wasi-a-webassembly-system-interface},
	language = {en-US},
	urldate = {2021-12-22},
	journal = {Mozilla Hacks – the Web developer blog},
	author = {Clack, Lin},
	month = mar,
	year = {2019},
}

@misc{peters_geoflow_2019,
	title = {Geoflow},
	author = {Peters, Ravi},
	year = {2019},
}

@article{green_usability_1996,
	title = {Usability {Analysis} of {Visual} {Programming} {Environments}: {A} ‘{Cognitive} {Dimensions}’ {Framework}},
	volume = {7},
	issn = {1045-926X},
	shorttitle = {Usability {Analysis} of {Visual} {Programming} {Environments}},
	url = {https://www.sciencedirect.com/science/article/pii/S1045926X96900099},
	doi = {10.1006/jvlc.1996.0009},
	language = {en},
	number = {2},
	urldate = {2021-12-03},
	journal = {Journal of Visual Languages \& Computing},
	author = {Green, T. R. G. and Petre, M.},
	month = jun,
	year = {1996},
	pages = {131--174},
}

@misc{melch_performance_2019,
	title = {Performance comparison of simplification algorithms for polygons in the context of web applications},
	url = {https://qgit.de/melch/mt-polygon-simplification/raw/commit/9f19a7b3c2fd086d3a387a200a761e20c3d7bacd/build/mt-polygon-simplification-2019.pdf},
	author = {Melch, Alfred},
	year = {2019},
}

@misc{mozilla_asmjs_2013,
	title = {asm.js},
	url = {http://asmjs.org/},
	author = {Mozilla},
	year = {2013},
}

@inproceedings{mark_d_wilkinson_fair_2016,
	title = {The {FAIR} {Guiding} {Principles} for scientific data management and stewardship.},
	author = {{Mark D Wilkinson} and {Appleton, Myles Axton, Arie Baak, Niklas Blomberg, Jan-Willem Boiten,} and {Luiz Bonino da Silva Santos, Philip E Bourne, et al.}},
	year = {2016},
}

@phdthesis{brink_geospatial_2018,
	title = {Geospatial {Data} on the {Web}},
	url = {https://github.com/lvdbrink/thesis/blob/6b17c47f332c678d43ea788c58c5e18dbcd14acc/phdthesis-final.pdf},
	urldate = {2021-11-30},
	author = {Brink, Linda van den},
	month = nov,
	year = {2018},
	note = {original-date: 2018-10-12T08:52:14Z},
}

@phdthesis{hamilton_client-side_2014,
	type = {Thesis},
	title = {Client-side versus {Server}-side {Geoprocessing}: {Benchmarking} the {Performance} of {Web} {Browsers} {Processing} {Geospatial} {Data} {Using} {Common} {GIS} {Operations}},
	shorttitle = {Client-side versus {Server}-side {Geoprocessing}},
	url = {https://minds.wisconsin.edu/handle/1793/74947},
	language = {en\_US},
	urldate = {2021-10-21},
	author = {Hamilton, Erin L.},
	year = {2014},
	note = {Accepted: 2016-06-02T21:00:45Z},
}

@inproceedings{panidi_hybrid_2015,
	title = {Hybrid {Geoprocessing} {Web} {Services}},
	url = {https://elibrary.ru/item.asp?id=43026224},
	doi = {10.5593/SGEM2015/B21/S8.084},
	language = {en},
	urldate = {2021-10-21},
	author = {Panidi, E. and Kazakov, E. and Kapralov, E. and Terekhov, A.},
	year = {2015},
	keywords = {Client-Side Web Geoprocessing, Hybrid Geoprocessing Web Services, Open Geospatial Consortium Web Processing Service},
	pages = {669--676},
}

@misc{w3c_world_2019,
	title = {World {Wide} {Web} {Consortium} ({W3C}) brings a new language to the {Web} as {WebAssembly} becomes a {W3C} {Recommendation}},
	url = {https://www.w3.org/2019/12/pressrelease-wasm-rec.html.en},
	urldate = {2021-11-30},
	author = {w3c},
	year = {2019},
}

@misc{google_google_2020,
	title = {Google {Earth}},
	url = {https://earth.google.com/web/},
	publisher = {Google LLC},
	author = {google},
	year = {2020},
}

@article{zhang_geojmodelbuilder_2017,
	title = {{GeoJModelBuilder}: an open source geoprocessing workflow tool},
	volume = {2},
	issn = {2363-7501},
	shorttitle = {{GeoJModelBuilder}},
	url = {https://doi.org/10.1186/s40965-017-0022-7},
	doi = {10.1186/s40965-017-0022-7},
	number = {1},
	urldate = {2021-11-30},
	journal = {Open Geospatial Data, Software and Standards},
	author = {Zhang, Mingda and Bu, Xiaoqian and Yue, Peng},
	month = apr,
	year = {2017},
	keywords = {Environmental monitoring, Geoprocessing services, Integrated environmental modelling, Open standards, Scientific workflow},
	pages = {8},
}

@article{kulawiak_analysis_2019,
	title = {Analysis of server-side and client-side {Web}-{GIS} data processing methods on the example of {JTS} and {JSTS} using open data from {OSM} and geoportal},
	volume = {129},
	issn = {0098-3004},
	url = {https://www.sciencedirect.com/science/article/pii/S009830041830092X},
	doi = {10.1016/j.cageo.2019.04.011},
	language = {en},
	urldate = {2021-10-21},
	journal = {Computers \& Geosciences},
	author = {Kulawiak, Marcin and Dawidowicz, Agnieszka and Pacholczyk, Marek Emanuel},
	month = aug,
	year = {2019},
	keywords = {Architecture, Geoprocessing, JTS, OpenStreetMap, Performance, Web-GIS},
	pages = {26--37},
}

@article{sit_optimized_2019,
	title = {Optimized watershed delineation library for server-side and client-side web applications},
	volume = {4},
	issn = {2363-7501},
	url = {https://doi.org/10.1186/s40965-019-0068-9},
	doi = {10.1186/s40965-019-0068-9},
	language = {en},
	number = {1},
	urldate = {2021-10-21},
	journal = {Open Geospatial Data, Software and Standards},
	author = {Sit, Muhammed and Sermet, Yusuf and Demir, Ibrahim},
	month = aug,
	year = {2019},
	pages = {8},
}

@article{zhao_geoprocessing_2012,
	series = {Towards a {Geoprocessing} {Web}},
	title = {The {Geoprocessing} {Web}},
	volume = {47},
	issn = {0098-3004},
	url = {https://www.sciencedirect.com/science/article/pii/S0098300412001446},
	doi = {10.1016/j.cageo.2012.04.021},
	language = {en},
	urldate = {2021-10-21},
	journal = {Computers \& Geosciences},
	author = {Zhao, Peisheng and Foerster, Theodor and Yue, Peng},
	month = oct,
	year = {2012},
	keywords = {Geoprocessing Web, Geospatial Web service, Real-time geospatial information, Semantic web, Volunteered geographic information, Web processing service},
	pages = {3--12},
}

@article{beilschmidt_vat_2017,
	title = {{VAT}: {A} {Scientific} {Toolbox} for {Interactive} {Geodata} {Exploration}},
	volume = {17},
	issn = {1610-1995},
	shorttitle = {{VAT}},
	url = {https://doi.org/10.1007/s13222-017-0266-5},
	doi = {10.1007/s13222-017-0266-5},
	language = {en},
	number = {3},
	urldate = {2021-10-20},
	journal = {Datenbank-Spektrum},
	author = {Beilschmidt, Christian and Drönner, Johannes and Mattig, Michael and Schmidt, Marco and Authmann, Christian and Niamir, Aidin and Hickler, Thomas and Seeger, Bernhard},
	month = nov,
	year = {2017},
	pages = {233--243},
}

@incollection{warmerdam_geospatial_2008,
	address = {Berlin, Heidelberg},
	series = {Advances in {Geographic} {Information} {Science}},
	title = {The {Geospatial} {Data} {Abstraction} {Library}},
	isbn = {978-3-540-74831-1},
	url = {https://doi.org/10.1007/978-3-540-74831-1_5},
	language = {en},
	urldate = {2021-10-19},
	booktitle = {Open {Source} {Approaches} in {Spatial} {Data} {Handling}},
	publisher = {Springer},
	author = {Warmerdam, Frank},
	editor = {Hall, G. Brent and Leahy, Michael G.},
	year = {2008},
	doi = {10.1007/978-3-540-74831-1_5},
	keywords = {Application Programming Interface, Colour Table, Geographic Information System, Open Geospatial Consortium, Open Source Library},
	pages = {87--104},
}

@inproceedings{sandhu_sparse_2018,
	address = {New York, NY, USA},
	series = {{ManLang} '18},
	title = {Sparse matrices on the web: {Characterizing} the performance and optimal format selection of sparse matrix-vector multiplication in {JavaScript} and {WebAssembly}},
	isbn = {978-1-4503-6424-9},
	shorttitle = {Sparse matrices on the web},
	url = {https://doi.org/10.1145/3237009.3237020},
	doi = {10.1145/3237009.3237020},
	urldate = {2021-10-19},
	booktitle = {Proceedings of the 15th {International} {Conference} on {Managed} {Languages} \& {Runtimes}},
	publisher = {Association for Computing Machinery},
	author = {Sandhu, Prabhjot and Herrera, David and Hendren, Laurie},
	month = sep,
	year = {2018},
	keywords = {C, javascript, managed languages for browsers, scientific computing, something about wasm performance, sparse matrix-vector multiplication, SpMV, webassembly},
	pages = {1--13},
}

@article{fabri_design_2000,
	title = {On the design of {CGAL} a computational geometry algorithms library},
	volume = {30},
	issn = {1097-024X},
	url = {https://onlinelibrary.wiley.com/doi/abs/10.1002/1097-024X%28200009%2930%3A11%3C1167%3A%3AAID-SPE337%3E3.0.CO%3B2-B},
	doi = {10.1002/1097-024X(200009)30:11<1167::AID-SPE337>3.0.CO;2-B},
	language = {en},
	number = {11},
	urldate = {2021-10-19},
	journal = {Software: Practice and Experience},
	author = {Fabri, Andreas and Giezeman, Geert-Jan and Kettner, Lutz and Schirra, Stefan and Schönherr, Sven},
	year = {2000},
	note = {\_eprint: https://onlinelibrary.wiley.com/doi/pdf/10.1002/1097-024X\%28200009\%2930\%3A11\%3C1167\%3A\%3AAID-SPE337\%3E3.0.CO\%3B2-B},
	keywords = {C++, computational geometry, generic programming, software library},
	pages = {1167--1202},
}

@inproceedings{fabri_cgal_2009,
	address = {New York, NY, USA},
	series = {{GIS} '09},
	title = {{CGAL}: the {Computational} {Geometry} {Algorithms} {Library}},
	isbn = {978-1-60558-649-6},
	shorttitle = {{CGAL}},
	url = {https://doi.org/10.1145/1653771.1653865},
	doi = {10.1145/1653771.1653865},
	urldate = {2021-10-19},
	booktitle = {Proceedings of the 17th {ACM} {SIGSPATIAL} {International} {Conference} on {Advances} in {Geographic} {Information} {Systems}},
	publisher = {Association for Computing Machinery},
	author = {Fabri, Andreas and Pion, Sylvain},
	month = nov,
	year = {2009},
	keywords = {C++, generic programming, exact geometric computing, geometric data structures and algorithms, open source},
	pages = {538--539},
}

@inproceedings{zakai_emscripten_2011,
	address = {New York, NY, USA},
	series = {{OOPSLA} '11},
	title = {Emscripten: an {LLVM}-to-{JavaScript} compiler},
	isbn = {978-1-4503-0942-4},
	shorttitle = {Emscripten},
	url = {https://doi.org/10.1145/2048147.2048224},
	doi = {10.1145/2048147.2048224},
	urldate = {2021-10-19},
	booktitle = {Proceedings of the {ACM} international conference companion on {Object} oriented programming systems languages and applications companion},
	publisher = {Association for Computing Machinery},
	author = {Zakai, Alon},
	month = oct,
	year = {2011},
	keywords = {javascript, decompiler, llvm},
	pages = {301--312},
}

@article{watt_weakening_2019,
	title = {Weakening {WebAssembly}},
	volume = {3},
	url = {https://doi.org/10.1145/3360559},
	doi = {10.1145/3360559},
	number = {OOPSLA},
	urldate = {2021-10-06},
	journal = {Proceedings of the ACM on Programming Languages},
	author = {Watt, Conrad and Rossberg, Andreas and Pichon-Pharabod, Jean},
	month = oct,
	year = {2019},
	keywords = {assembly languages, just-in-time compilers, programming languages, type systems, Virtual machines},
	pages = {133:1--133:28},
}

@inproceedings{jangda_not_2019,
	title = {Not {So} {Fast}: {Analyzing} the {Performance} of {WebAssembly} vs. {Native} {Code}},
	isbn = {978-1-939133-03-8},
	shorttitle = {Not {So} {Fast}},
	url = {https://www.usenix.org/conference/atc19/presentation/jangda},
	language = {en},
	urldate = {2021-10-06},
	author = {Jangda, Abhinav and Powers, Bobby and Berger, Emery D. and Guha, Arjun},
	year = {2019},
	pages = {107--120},
}

@inproceedings{haas_bringing_2017,
	address = {New York, NY, USA},
	series = {{PLDI} 2017},
	title = {Bringing the web up to speed with {WebAssembly}},
	isbn = {978-1-4503-4988-8},
	url = {https://doi.org/10.1145/3062341.3062363},
	doi = {10.1145/3062341.3062363},
	urldate = {2021-10-06},
	booktitle = {Proceedings of the 38th {ACM} {SIGPLAN} {Conference} on {Programming} {Language} {Design} and {Implementation}},
	publisher = {Association for Computing Machinery},
	author = {Haas, Andreas and Rossberg, Andreas and Schuff, Derek L. and Titzer, Ben L. and Holman, Michael and Gohman, Dan and Wagner, Luke and Zakai, Alon and Bastien, JF},
	month = jun,
	year = {2017},
	keywords = {assembly languages, just-in-time compilers, programming languages, type systems, virtual machines},
	pages = {185--200},
}
