
@book{Descartes37,
  Address = {Leyde},
  Author = {Ren\'e Descartes},
  Publisher = {Jan Maire},
  Title = {Discours de la m\'ethode},
  Year = {1637}}


@article{Delaunay34,
  Author = {Delaunay, Boris N.},
  Journal = {Izvestia Akademia Nauk SSSR, Otdelenie Matematicheskii i Estestvennyka Nauk},
  Pages = {793--800},
  Title = {{S}ur la sph{\`e}re vide},
  Volume = {7},
  Year = {1934}}



@article{Voronoi08,
  Author = {Voronoi, G. M.},
  Journal = {Journal f{\"u}r die Reine und Angewandte Mathematik},
  Pages = {198--287},
  Title = {{N}ouvelles applications des param{\`e}tres continus {\`a} la th{\'e}orie des formes quadratiques},
  Volume = {134},
  Year = {1908}}
