% This is very relevant for chapter 2
@article{status_national_open_SDI_2020,
    author = "Mulder,A. E. and Wiersma, M. G. and Van Loenen, B. ",
    title = "Status of National Open Spatial Data Infrastructures: a Comparison Across Continents",
    year = "2020"
}

% Similar as above
% THIS IS THE FIRST ASSESSMENT FRAMEWORK PAPER
@article{assessing_openness_SDI_2018,
    author = "Vancauwenberghe, G. and Valečkaite, K and Van Loenen, B.",
    title = "Assessing the Openness of Spatial Data Infrastructures (SDI): Towards a Map of Open SDI",
    year = "2018"
}

% importance of the user
@article{towards_user_oriented_open_data_strateg_2018,
    author = "Van Loenen, B.",
    title = "Towards a User-Oriented Open Data Strategy",
    year = "2018"
}

% written by student i believe
@article{towards_open_data_pond_2018,
    author = "Dalla Corte, L.",
    title = "Towards open data across the pond",
    year = "2018"
}

@article{emergance_open_data_2018,
    author = "Vancauwenberghe, G. and Van Loenen, B.",
    title = "Exploring the Emergence of Open Spatial  Data  Infrastructures:  Analysis  of  Recent  Developments  and  Trends  in Europe",
    year = "2018"
}

% INSPIRE 
@article{inspire_directive_2007,
 author = {{European Parliament and the Council of the European Union}},
 title = {Directive 2007/2/EC of the European Parliament and of the council of 14 March 2007 establishing an Infrastructure for Spatial Information in the European Community (INSPIRE)},
 journal = {Official Journal of the European Union},
 issue_date = {2007},
 volume = {25},
 month = apr,
 year = {2007},
 issn = {1725-2555},
 note = {\url{ "https://eur-lex.europa.eu/legal-content/EN/TXT/PDF/?uri=OJ:L:2007:108:FULL&from=EN"}
    }}
}

% ORIGINAL PSI
@article{psi_directive_law_2011,
    author = {{European Commission}},
    title = "DIRECTIVE OF THE EUROPEAN PARLIAMENT AND THE COUNCIL amending
European Parliament and Council Directive 2003/98/EC on the re-use of public sector
information",
    year = "2011",
    note = { \url{ "https://eur-lex.europa.eu/LexUriServ/LexUriServ.do?uri=SEC:2011:1552:FIN:EN:PDF"}
    }}
}

% ODD / PSI
@journal{open_data_directive_2019,
 author = {{European Parliament and the Council of the European Union}},
 title = {Directive (EC) 2019/1024 of the European Parliament and of the council of 20 June 2019 on open data and the re-use of public sector information}, 
 journal = {Official Journal of the European Union},
 issue_date = {2019},
 volume = {26},
 month = jun,
 year = {2019},
 issn = {1977-0618},
 note = { \url{         https://eur-lex.europa.eu/eli/dir/2019/1024/oj}
}}
}


@article{olausson,
    author = "Olausson, K",
    year = {2016},
    title = {A step towards aligning supply and demand?},
    publisher = {
        Utrecht University, School of Governance,
        Masaryk University, Faculty of Social Studies 
    }
}

@article{impact_brexit, 
    author = {Open Data Institute},
    year = "2018",
    title = "The UK’s geospatial data infrastructure: challenges and opportunities",
    note = {\url{        https://theodi.org/wp-content/uploads/2018/11/2018-11-ODI-Geospatial-data-infrastructure-paper.pdf}
    }
}

@article{fog_of_brexit,
    author = "Madeleine Fleming",
    year = "2019",
    title = "Transparency in the midst of fog: The Scottish Government’s open government commitment on Brexit",
    note = {\url{        https://blogs.gov.scot/open-government-partnership/2019/12/16/transparency-in-the-midst-of-fog-the-\newline
    scottish-governments-open-government-commitment-on-brexit/}
    }
}

@article{smart_1981,
    author = "Doran, G. T.",
    title = "S.M.A.R.T. assessment",
    year = "1981"
}

@article{expanding_knowledge_base,
    title = "Expanding the Spatial Data Infrastructure Knowledge Base",
    author =  "Budhathoki, N. R. and Nedović-Budić, Z.",
    year   =  "2009",
    note = {\url{        https://www.scribd.com/document/99087422/Budhathoki-and-Nedovic-Budic-SDI-Knowledgebase}
    }
}

@report{odi_geodatainfrastructure,
    author    = {{Open Data Institute}},
    title     = "The UK’s geospatial data infrastructure: challenges and opportunities",
    year      = "2018"
}

@article{mulder,
    author = "Mulder, A. E. and G. Wiersma, B. and Van Loenen",
    year = {2018},
    title = "Status of National Open Spatial Data Infrastructures: a Comparison Across Continents",
    note = {\url{        https://ijsdir.sadl.kuleuven.be/index.php/ijsdir/article/view/498}
    }
}


% governance instruments
@article{gov_instruments,
    author = "Crompvoets, J. and Vancauwenberghe, G. and Ho, S. and Masser, I. and De Vries, W. T.",
    year = "2018",
    title = "Governance of NSDIs in Europe",
}

% kingdon, windows of opportunity
@article{kingdon, 
    author = "Kingdon, J",
    year = "1995",
    title = "Agendas, Alternatives, and Public Politics, 2nd ed",
    publisher = "New York: Harper Collins"
}


%%%%%%%%%%%%%%%%%%%%%%%%%%%%%%%%%%%%%%%%%%%%%%%%%%%%%%%%%%%%%%%%%%%%%%%%
% Website references                                                   % 
%%%%%%%%%%%%%%%%%%%%%%%%%%%%%%%%%%%%%%%%%%%%%%%%%%%%%%%%%%%%%%%%%%%%%%%%

@online{brexit,
    author = {{BBC News}},
    title = "UK votes to leave the EU",
    year = "2016",
    note = {\url{        https://www.bbc.com/news/politics/eu_referendum/results"}
    }
}

@online{inspire_background,
    author = "Mendoza, S.",
    year = "2021",
    title = "Europe’s INSPIRE Directive: What It Is & How It Works",
    note = {\url{                 
        https://www.safe.com/blog/2021/02/europes-inspire-directive-works/}
    }
}

@online{ssdi_documentation,
    author = {{Astun Technology}},
    title = "Scottish Spatial Data Geoportal - Metadata Documentation",
    note = {\url{         https://scottish-sdi-metadata-portal.readthedocs.io/en/3.10.x/}
    },
    year = "2016"
}

@online{ssdi,
    author = {{Scottish Government}},
    title = "Scottish Spatial Data Geoportal",
    note = {\url{         
    https://www.spatialdata.gov.scot}
    },
    year = "2021"
}

@online{ssdi_api,
    author = {{Scottish Government}},
    title = "Scottish Spatial Data Geoportal - API",
    note = {\url{         https://spatialdata.gov.scot/geonetwork/doc/api/index.html}
    },
    year = "2021"
}

@online{euro_data_portal_open_data,
    author    = "{{European Data Portal}}",
    title     = "What is open data?",
    note = {\url{       https://www.europeandataportal.eu/elearning/en/module1/#/id/co-01}
    },
    year = "2021"
}

@online{scot_gov_ros_description,
    author    = "{{Scottish Government}}",
    title     = "Registers of Scotland",
    note = {\url{        https://www.mygov.scot/organisations/registers-of-scotland/}
    },
    year = "2021"
}


@online{esri_SDI_description,
    author    = {{ESRI}},
    title     = "Spatial Data Infrastructure",
    year      = "2007",
    note = {\url{  https://www.esri.com/content/dam/esrisites/sitecore-archive/Files/Pdfs/library/brochures/pdfs/spatial-data-infrastructure.pdf}}
}

@online{ros,
    author = {{Government of Scotland - Registry of Scotland}},
    title = "Registers of Scotland Webpage",
    year = "2021",
    note = {\url{https://www.ros.gov.uk/}
    }
}

@online{dundee_data_portal,
    author = {{Dundee Municipality}},
    title = "Dundee Data Portal",
    year = "2021",
    note = {\url{https://data.dundeecity.gov.uk/}
    }
}


@online{scottish_geospatial_network_integrator,
    author    = {{Geospatial Commission}},
    title     = "New support to grow Scottish geospatial sector (press release)",
    year      = "2020",
    note = {\url{                https://www.gov.uk/government/news/new-support-to-grow-scottish-geospatial-sector}
    }
}


@online{the_up_explained_cgp_grey,
    author    = {{CGP Grey}},
    title     = "The Difference between the United Kingdom, Great Britain and England Explained",
    year      = "2011",
    note = {\url{        https://www.youtube.com/watch?v=rNu8XDBSn10&ab_channel=CGPGrey}
    }
}


@online{opengovpartnership_mainpage,
    author    = {{Open Government Partnership}},
    title     = "Scotland, United Kingdom, overview",
    year      = "2021",
    note = {\url{    https://www.opengovpartnership.org/members/scotland-united-kingdom/}
    }
}


@online{opengovpartnership_increasing_participation,
    author    = {{Open Government Ingage, Local Government and Communities}},
    title     = "Increasing Participation (SCO0005)",
    year      = "2017",
        note = { \url{      https://www.opengovpartnership.org/members/scotland-united-kingdom/commitments/SCO0005/}
    }
}


@online{opengovpartnership_openpolicymaking,
    author    = {{Scottish Government}},
    title     = "Open Policy Making and Participation in Service Delivery (SCO0007)",
    year      = "2018",
        note = { \url{       https://www.opengovpartnership.org/members/scotland-united-kingdom/commitments/SCO0007/}
    }
}

@online{opengovpartnership_action_plan,
    author    = {{Scottish Government}},
    title     = "Open Government Partnership Scottish Action Plan",
    year      = "2016",
        note = { \url{       https://www.gov.scot/publications/open-government-partnership-scottish-action-plan/}
    }
}


@online{eucommission_psiToOpen,
    author    = {{European Commission}},
    title     = "From the Public Sector Information (PSI) Directive to the open data Directive",
    year      = "2021",
        note = {\url{   https://digital-strategy.ec.europa.eu/en/policies/psi-open-data}
    }
}


@online{HVD_parcels_2020,
    author    = "Cory, M.",
    title     = "The Impact of High Value Datasets",
    year      = "2020",
        note = { \url{       https://eurogeographics.org/news/high-value-datasets/}
    }
}


@presentation{ IS_local_SSDI,
    author    = "McKay, I.",
    title     = "Scottish Spatial Data Infrastructure - A Local Authority Perspective",
    year      = "2017",
        note = {    \url{https://www.geos.ed.ac.uk/~gisteac/eeo-agi/2016-17/8_mckay_03022017.pdf}
    }}
}


@online{ Inspire_amendment_debate_2019,
    author    = {{UK Parliament}},
    title     = "INSPIRE (Amendment) (EU Exit) Regulations Debate",
    year      = "2019",
        note = { \url{https://hansard.parliament.uk/Commons/2019-10-29/debates/bddcee84-5679-416c-a36c-cb8df722fce9/INSPIRE(Amendment)(EUExit)Regulations2019}
    }
}

@online{ Inspire_amendment_law_2019,
    author    = {{UK Parliament}},
    title     = "INSPIRE (Amendment) (EU Exit) Regulations Law",
    year      = "2019",
    note = {\url{        https://www.legislation.gov.uk/sdsi/2019/9780111040621}
    }
}

@online{ guide_SSIs,
    author    = {{Delegated Powers and Law Reform Committee, Scottish Parliament}},
    title     = "Guide to Scottish Statutory Instruments",
    year      = "2019",
    note = {\url{        https://archive2021.parliament.scot/S5_Delegated_Powers/Guide_to_SSIs.pdf}
    }
}

@misc{geo1009_course,
  author        = "Van Loenen, B. and Ploeger, H. and Donker, F. W. ",
  title         = {GEO1009 Geo-Information Organisation and Legislation Course},
  month         = {February},
  year          = {2021},
  publisher={Delft University of Technology}
}

@online{ national_archives_ukglf,
    author    = {{The National Archives}},
    title     = "UK Government Licensing Framework",
    year      = "2021",
    note = {\url{        https://www.nationalarchives.gov.uk/information-management/re-using-public-sector-information/uk-government-licensing-framework/}
    }
}

@online{ national_archives_ukglf_opengov,
    author    = {{The National Archives}},
    title     = "UK Government Licensing Framework - Open Government License",
    year      = "2021",
        note = {\url{        https://www.nationalarchives.gov.uk/information-management/re-using-public-sector-information/uk-government-licensing-framework/open-government-licence/}
    }
}

@online{ ros_crown_copyright,
    author    = {{Registers of Scotland}},
    title     = "Crown copyright and copyright licences",
    year      = "2021",
        note = {\url{        https://www.nationalarchives.gov.uk/information-management/re-using-public-sector-information/uk-government-licensing-framework/open-government-licence/}
    }
}

@online{ osi_definition,
    author    = {{Open Source Initiative}},
    title     = "The Open Source Definition",
    year      = "2007",
    note = {\url{ https://opensource.org/osd }
    }
}